<?xml version="1.0" encoding="UTF-8"?><collection xmlns="http://www.loc.gov/MARC21/slim"><record><leader>00507nam--2200181-i-4500</leader><controlfield tag="001">000047024</controlfield><controlfield tag="002">20161230</controlfield><controlfield tag="005">20161230201046</controlfield><controlfield tag="008">060222s1000------------r-----000-0-eng-d</controlfield><datafield ind1=" " ind2=" " tag="040"><subfield code="a">IFIN-HH</subfield></datafield><datafield ind1=" " ind2=" " tag="080"><subfield code="a">517.944+517.512.2:534</subfield></datafield><datafield ind1="1" ind2=" " tag="100"><subfield code="a">Webster, A.G</subfield></datafield><datafield ind1="1" ind2="0" tag="245"><subfield code="a">Partial differential equations of mathematical physics</subfield><subfield code="c">Arthur gordon webster</subfield></datafield><datafield ind1=" " ind2=" " tag="250"><subfield code="a">Second Corrected Edition</subfield></datafield><datafield ind1=" " ind2=" " tag="260"><subfield code="a">London</subfield><subfield code="b">Constable</subfield><subfield code="c">1955</subfield></datafield><datafield ind1=" " ind2=" " tag="300"><subfield code="a">VII+440P</subfield></datafield><datafield ind1=" " ind2=" " tag="852"><subfield code="a">13414</subfield><subfield code="c">53.02</subfield></datafield><datafield ind1=" " ind2=" " tag="CAT"><subfield code="a">Sys</subfield><subfield code="c">20151019</subfield><subfield code="h">093106</subfield></datafield></record></collection>